@article{acemoglu_2001,
Author = {Acemoglu, Daron and Johnson, Simon and Robinson, James A.},
Title = {The Colonial Origins of Comparative Development: An Empirical Investigation},
Journal = {American Economic Review},
Volume = {91},
Number = {5},
Year = {2001},
Month = {December}}