
@misc{who_2000,
	title = {Obesity : preventing and managing the global epidemic : report of a {WHO} consultation},
	publisher = {World Health Organization},
	author = {{WHO} Consultation on Obesity (1999: Geneva, Switzerland) and Organization, World Health},
	date = {2000},
	note = {Pages: 252 p.
Series: {WHO} technical report series ; 894},
}

@online{gould_stata,
	title = {Stata {\textbar} {FAQ}: Logical expressions and missing values},
	url = {https://www.stata.com/support/faqs/data-management/logical-expressions-and-missing-values/},
	shorttitle = {Stata {\textbar} {FAQ}},
	abstract = {Why is x {\textgreater} 1000 true when x contains missing values?},
	titleaddon = {Stata Corp},
	author = {Gould, William},
	urldate = {2025-09-14},
	langid = {english},
}